

@article{ang2002regime,
  author  = {Ang, Andrew and Bekaert, Geert},
  title   = {Regime Shifts in Asset Allocation},
  journal = {The Review of Financial Studies},
  year    = {2002},
  volume  = {15},
  number  = {4},
  pages   = {1137--1187},
  doi     = {10.1093/rfs/15.4.1137}
}

@book{mcneil2015quantitative,
  author    = {McNeil, Alexander J. and Frey, R{\"u}diger and Embrechts, Paul},
  title     = {Quantitative Risk Management: Concepts, Techniques and Tools},
  publisher = {Princeton University Press},
  year      = {2015},
  isbn      = {978-0691166278}
}

@article{bollerslev1986garch,
  author  = {Bollerslev, Tim},
  title   = {Generalized Autoregressive Conditional Heteroskedasticity},
  journal = {Journal of Econometrics},
  year    = {1986},
  volume  = {31},
  number  = {3},
  pages   = {307--327},
  doi     = {10.1016/0304-4076(86)90063-1}
}

@article{mcneil2000estimation,
  author  = {McNeil, Alexander J. and Frey, R{\"u}diger},
  title   = {Estimation of Tail-Related Risk Measures},
  journal = {Journal of Financial Econometrics},
  year    = {2000}
}

@article{hamilton1989new,
  author  = {Hamilton, James D.},
  title   = {A New Approach to the Economic Analysis of Time Series},
  journal = {Econometrica},
  year    = {1989}
}
