
@article{ang2002regime,
    title={Regime Shifts in Asset Allocation},
    author={Ang, Andrew and Bekaert, Geert},
    journal={The Review of Financial Studies},
    volume={15},
    number={4},
    pages={1137--1187},
    year={2002},
    publisher={Oxford University Press},
    url={https://academic.oup.com/rfs/article/15/4/1137/1583516}
}

@book{mcneil2015quantitative,
    title={Quantitative Risk Management: Concepts, Techniques and Tools},
    author={McNeil, Alexander J and Frey, R{\"u}diger and Embrechts, Paul},
    year={2015},
    publisher={Princeton University Press},
    isbn={978-0691166278},
    url={https://press.princeton.edu/books/hardcover/9780691166278/quantitative-risk-management}
}

@article{hamilton1989new,
    title={A New Approach to the Economic Analysis of Nonstationary Time Series and the Business Cycle},
    author={Hamilton, James D},
    journal={Econometrica},
    volume={57},
    number={2},
    pages={357--384},
    year={1989},
    publisher={Econometric Society},
    url={https://www.jstor.org/stable/1912559}
}

@article{hochreiter1997long,
    title={Long Short-Term Memory},
    author={Hochreiter, Sepp and Schmidhuber, J{\"u}rgen},
    journal={Neural Computation},
    volume={9},
    number={8},
    pages={1735--1780},
    year={1997},
    publisher={MIT Press},
    url={https://direct.mit.edu/neco/article/9/8/1735/6179/Long-Short-Term-Memory}
}

@article{mcneil2000estimation,
    title={Estimation of Tail-Related Risk Measures for Heteroscedastic Financial Time Series: An Extreme Value Approach},
    author={McNeil, Alexander J and Frey, R{\"u}diger},
    journal={Journal of Empirical Finance},
    volume={7},
    number={3-4},
    pages={271--300},
    year={2000},
    publisher={Elsevier},
    url={https://www.sciencedirect.com/science/article/pii/S0927539800000128}
}

@article{guidolin2011regime,
    title={Regime Shifts in Mean-Variance Efficient Frontiers: Some International Evidence},
    author={Guidolin, Massimo and Timmermann, Allan},
    journal={Journal of Asset Management},
    volume={12},
    number={5},
    pages={322--349},
    year={2011},
    publisher={Palgrave Macmillan},
    url={https://link.springer.com/article/10.1057/jam.2011.25}
}

@article{fischer2018deep,
    title={Deep Learning with Long Short-Term Memory Networks for Financial Market Predictions},
    author={Fischer, Thomas and Krauss, Christopher},
    journal={European Journal of Operational Research},
    volume={270},
    number={2},
    pages={654--669},
    year={2018},
    publisher={Elsevier},
    url={https://www.sciencedirect.com/science/article/pii/S0377221717309837}
}

@article{bollerslev1986generalized,
    title={Generalized Autoregressive Conditional Heteroskedasticity},
    author={Bollerslev, Tim},
    journal={Journal of Econometrics},
    volume={31},
    number={3},
    pages={307--327},
    year={1986},
    publisher={Elsevier},
    url={https://www.sciencedirect.com/science/article/pii/0304407686900631}
}

@article{engle2002dynamic,
    title={Dynamic Conditional Correlation: A Simple Class of Multivariate Generalized Autoregressive Conditional Heteroskedasticity Models},
    author={Engle, Robert F},
    journal={Journal of Business \& Economic Statistics},
    volume={20},
    number={3},
    pages={339--350},
    year={2002},
    publisher={Taylor \& Francis},
    url={https://www.tandfonline.com/doi/abs/10.1198/073500102288618487}
}

@book{alexander2008market,
    title={Market Risk Analysis, Volume II: Practical Financial Econometrics},
    author={Alexander, Carol},
    year={2008},
    publisher={John Wiley \& Sons},
    isbn={978-0470998014},
    url={https://onlinelibrary.wiley.com/doi/book/10.1002/9781119209195}
}

@article{artzner1999coherent,
    title={Coherent Measures of Risk},
    author={Artzner, Philippe and Delbaen, Freddy and Eber, Jean-Marc and Heath, David},
    journal={Mathematical Finance},
    volume={9},
    number={3},
    pages={203--228},
    year={1999},
    publisher={Wiley Online Library},
    url={https://onlinelibrary.wiley.com/doi/10.1111/1467-9965.00068}
}

@article{newbold1974experience,
    title={Experience with Forecasting Univariate Time Series and the Combination of Forecasts},
    author={Newbold, Paul and Granger, Clive W J},
    journal={Journal of the Royal Statistical Society. Series A (General)},
    volume={137},
    number={2},
    pages={131--165},
    year={1974},
    publisher={Wiley for the Royal Statistical Society},
    url={https://www.jstor.org/stable/2984808}
}

@article{granger1986developments,
    title={Developments in the Study of Cointegrated Economic Variables},
    author={Granger, Clive W J},
    journal={Oxford Bulletin of Economics and Statistics},
    volume={48},
    number={3},
    pages={213--228},
    year={1986},
    publisher={Wiley},
    url={https://onlinelibrary.wiley.com/doi/10.1111/j.1468-0084.1986.mp48003002.x}
}