@article{hamilton1989,
  author = {Hamilton, James D.},
  title = {A New Approach to the Economic Analysis of Nonstationary Time Series and the Business Cycle},
  journal = {Econometrica},
  volume = {57},
  number = {2},
  pages = {357--384},
  year = {1989},
  publisher = {Econometric Society}
}

@article{ang2002,
  author = {Ang, Andrew and Bekaert, Geert},
  title = {International Asset Allocation with Regime Shifts},
  journal = {Review of Financial Studies},
  volume = {15},
  number = {4},
  pages = {1137--1187},
  year = {2002},
  publisher = {Oxford University Press}
}

@article{fischer2018,
  author = {Fischer, Thomas and Krauss, Christopher},
  title = {Deep learning with long short-term memory networks for financial market predictions},
  journal = {European Journal of Operational Research},
  volume = {270},
  number = {2},
  pages = {654--669},
  year = {2018},
  doi = {10.1016/j.ejor.2017.11.054}
}

@misc{lim2021,
  author = {Lim, Bryan and Zohren, Stefan},
  title = {Time-Series Forecasting with Deep Learning: A Survey},
  howpublished = {\url{https://arxiv.org/abs/2111.13260}},
  year = {2021},
  note = {arXiv:2111.13260}
}

@article{rossi2020,
  author = {Rossi, Elena and Wen, Zhiwei Steven and Zohren, Stefan},
  title = {Bayesian Ensemble Models for Financial Forecasting},
  journal = {Journal of Financial Data Science},
  volume = {2},
  number = {4},
  pages = {28--47},
  year = {2020},
  doi = {10.3905/jfds.2020.1.024}
}

@article{xu2021,
  author = {Xu, Yunhao and Wang, Yixuan and Liu, Shan},
  title = {Hybrid HMM-LSTM Model for Financial Market Regime Detection},
  journal = {Expert Systems with Applications},
  volume = {183},
  year = {2021},
  pages = {115312},
  doi = {10.1016/j.eswa.2021.115312}
}

@article{yoon2022,
  author = {Yoon, Hyunwoo and Kim, Joon-Ho},
  title = {A Transformer-Based Market Regime Detection Model Using Hidden Markov Fusion},
  journal = {IEEE Access},
  volume = {10},
  pages = {21724--21738},
  year = {2022},
  doi = {10.1109/ACCESS.2022.3151075}
}

@book{mcneil2015,
  author = {McNeil, Alexander J. and Frey, Rüdiger and Embrechts, Paul},
  title = {Quantitative Risk Management: Concepts, Techniques and Tools},
  edition = {Revised},
  publisher = {Princeton University Press},
  year = {2015}
}

@book{ilmanen2011,
  author = {Ilmanen, Antti},
  title = {Expected Returns: An Investor's Guide to Market Forecasting},
  publisher = {Wiley},
  year = {2011}
}

@book{deprado2018,
  author = {De Prado, Marcos López},
  title = {Advances in Financial Machine Learning},
  publisher = {Wiley},
  year = {2018}
}

@misc{icinsights2023,
  author = {{IC Insights}},
  title = {IC Market Drivers Report: A Study of Key Trends Shaping the IC Industry},
  year = {2023},
  howpublished = {\url{https://www.icinsights.com/}}
}

@article{an2019,
  author = {An, Hyuncheol and Kang, Jun},
  title = {Structural Regimes in the Global Semiconductor Industry},
  journal = {Asian Economic Policy Review},
  volume = {14},
  number = {2},
  pages = {275--296},
  year = {2019},
  doi = {10.1111/aepr.12229}
}

@article{kang2019,
  author = {Kang, Jun and Lee, Hyun},
  title = {The Effect of Business Cycles on Semiconductor Stock Volatility},
  journal = {Journal of Applied Business Research},
  volume = {35},
  number = {3},
  year = {2019},
  pages = {67--76}
}

@article{bianchi2022,
  author = {Bianchi, Daniele and Babiak, Pavel and Zohren, Stefan},
  title = {Transformers for Time Series in Finance: Forecasting and Regime Detection},
  journal = {SSRN Working Paper},
  year = {2022},
  note = {SSRN: \url{https://ssrn.com/abstract=4031132}}
}
